%YAML 1.1
%TAG !u! tag:unity3d.com,2011:
--- !u!1 &5145059215205050451
GameObject:
  m_ObjectHideFlags: 0
  m_CorrespondingSourceObject: {fileID: 0}
  m_PrefabInstance: {fileID: 0}
  m_PrefabAsset: {fileID: 0}
  serializedVersion: 6
  m_Component:
  - component: {fileID: 1426628134947692989}
  - component: {fileID: 7988145343835601098}
  m_Layer: 0
  m_Name: AstroPistol
  m_TagString: Untagged
  m_Icon: {fileID: 0}
  m_NavMeshLayer: 0
  m_StaticEditorFlags: 0
  m_IsActive: 0
--- !u!4 &1426628134947692989
Transform:
  m_ObjectHideFlags: 0
  m_CorrespondingSourceObject: {fileID: 0}
  m_PrefabInstance: {fileID: 0}
  m_PrefabAsset: {fileID: 0}
  m_GameObject: {fileID: 5145059215205050451}
  m_LocalRotation: {x: 0, y: 0, z: 0, w: 1}
  m_LocalPosition: {x: 0, y: 2.439, z: 0}
  m_LocalScale: {x: 0.00013, y: 0.00013, z: 0.00013}
  m_ConstrainProportionsScale: 1
  m_Children:
  - {fileID: 5235405243235161415}
  - {fileID: 2993408296068767289}
  m_Father: {fileID: 0}
  m_RootOrder: 0
  m_LocalEulerAnglesHint: {x: 0, y: 0, z: 0}
--- !u!114 &7988145343835601098
MonoBehaviour:
  m_ObjectHideFlags: 0
  m_CorrespondingSourceObject: {fileID: 0}
  m_PrefabInstance: {fileID: 0}
  m_PrefabAsset: {fileID: 0}
  m_GameObject: {fileID: 5145059215205050451}
  m_Enabled: 1
  m_EditorHideFlags: 0
  m_Script: {fileID: 11500000, guid: 75dc9740e62c4c2448be4de3a2d4505a, type: 3}
  m_Name: 
  m_EditorClassIdentifier: 
  WeaponName: Astro-Pistol
  Damage: 10
  Clip: 15
  Type: 0
  ExitPoint: {fileID: 2993408296068767289}
  SpreadValue: 0.0018
  BaseSingleShootDelay: 0.2
  BaseAutoShootDelay: 0.2
  BaseReloadDelay: 1.7
  hitIndicator: {fileID: 1879272669879180, guid: 12b4684b6dfa54542af44b834b325d62, type: 3}
  muzzleEffect: {fileID: 1000012903210382, guid: 66ce0f27574363a4dabe7162e2636e3f, type: 3}
  bulletTrail: {fileID: 3125156464023333358, guid: 5cd27b304c42787428637a8b94ecfed7, type: 3}
  shootSound: {fileID: 8300000, guid: 5ab40f3397d2ad14b80799ca0a3d3f8a, type: 3}
  reloadSound: {fileID: 8300000, guid: 3c7a9dbea8e87d04eb058af638f42287, type: 3}
  verticalRecoil: 0.2
  isAutomatic: 0
--- !u!1 &6027357131434343011
GameObject:
  m_ObjectHideFlags: 0
  m_CorrespondingSourceObject: {fileID: 0}
  m_PrefabInstance: {fileID: 0}
  m_PrefabAsset: {fileID: 0}
  serializedVersion: 6
  m_Component:
  - component: {fileID: 2993408296068767289}
  m_Layer: 0
  m_Name: ExitPoint
  m_TagString: Untagged
  m_Icon: {fileID: 0}
  m_NavMeshLayer: 0
  m_StaticEditorFlags: 0
  m_IsActive: 1
--- !u!4 &2993408296068767289
Transform:
  m_ObjectHideFlags: 0
  m_CorrespondingSourceObject: {fileID: 0}
  m_PrefabInstance: {fileID: 0}
  m_PrefabAsset: {fileID: 0}
  m_GameObject: {fileID: 6027357131434343011}
  m_LocalRotation: {x: 0, y: 0, z: 0, w: 1}
  m_LocalPosition: {x: -0, y: -0, z: 2.618}
  m_LocalScale: {x: 1, y: 1, z: 1}
  m_ConstrainProportionsScale: 0
  m_Children: []
  m_Father: {fileID: 1426628134947692989}
  m_RootOrder: 1
  m_LocalEulerAnglesHint: {x: 0, y: 0, z: 0}
--- !u!1001 &5705317638079689388
PrefabInstance:
  m_ObjectHideFlags: 0
  serializedVersion: 2
  m_Modification:
    m_TransformParent: {fileID: 1426628134947692989}
    m_Modifications:
    - target: {fileID: -8679921383154817045, guid: 016352e40861c2140899b178a0624c41, type: 3}
      propertyPath: m_RootOrder
      value: 0
      objectReference: {fileID: 0}
    - target: {fileID: -8679921383154817045, guid: 016352e40861c2140899b178a0624c41, type: 3}
      propertyPath: m_LocalPosition.x
      value: 0.688
      objectReference: {fileID: 0}
    - target: {fileID: -8679921383154817045, guid: 016352e40861c2140899b178a0624c41, type: 3}
      propertyPath: m_LocalPosition.y
      value: -1.411
      objectReference: {fileID: 0}
    - target: {fileID: -8679921383154817045, guid: 016352e40861c2140899b178a0624c41, type: 3}
      propertyPath: m_LocalPosition.z
      value: -2.318
      objectReference: {fileID: 0}
    - target: {fileID: -8679921383154817045, guid: 016352e40861c2140899b178a0624c41, type: 3}
      propertyPath: m_LocalRotation.w
      value: 1
      objectReference: {fileID: 0}
    - target: {fileID: -8679921383154817045, guid: 016352e40861c2140899b178a0624c41, type: 3}
      propertyPath: m_LocalRotation.x
      value: -0
      objectReference: {fileID: 0}
    - target: {fileID: -8679921383154817045, guid: 016352e40861c2140899b178a0624c41, type: 3}
      propertyPath: m_LocalRotation.y
      value: -0
      objectReference: {fileID: 0}
    - target: {fileID: -8679921383154817045, guid: 016352e40861c2140899b178a0624c41, type: 3}
      propertyPath: m_LocalRotation.z
      value: -0
      objectReference: {fileID: 0}
    - target: {fileID: -8679921383154817045, guid: 016352e40861c2140899b178a0624c41, type: 3}
      propertyPath: m_LocalEulerAnglesHint.x
      value: 0
      objectReference: {fileID: 0}
    - target: {fileID: -8679921383154817045, guid: 016352e40861c2140899b178a0624c41, type: 3}
      propertyPath: m_LocalEulerAnglesHint.y
      value: 0
      objectReference: {fileID: 0}
    - target: {fileID: -8679921383154817045, guid: 016352e40861c2140899b178a0624c41, type: 3}
      propertyPath: m_LocalEulerAnglesHint.z
      value: 0
      objectReference: {fileID: 0}
    - target: {fileID: 919132149155446097, guid: 016352e40861c2140899b178a0624c41, type: 3}
      propertyPath: m_Name
      value: AH_Piston_orange (2)
      objectReference: {fileID: 0}
    m_RemovedComponents: []
  m_SourcePrefab: {fileID: 100100000, guid: 016352e40861c2140899b178a0624c41, type: 3}
--- !u!4 &5235405243235161415 stripped
Transform:
  m_CorrespondingSourceObject: {fileID: -8679921383154817045, guid: 016352e40861c2140899b178a0624c41, type: 3}
  m_PrefabInstance: {fileID: 5705317638079689388}
  m_PrefabAsset: {fileID: 0}
